@article{ahmad-2022,
	author = {Ahmad, Iftikhar and Yang, Yayun and Yao, Yi and Wang, Hongzhi and Hassan, Muhammad and Cheng, Xi and Wu, Yunzhi and Zhang, Youhua},
	journal = {Applied sciences},
	number = {19},
	pages = {10167},
	publisher = {Multidisciplinary Digital Publishing Institute},
	title = {{Deep learning based detector YOLOV5 for identifying insect pests}},
	volume = {12},
	year = {2022},
	doi = {10.3390/app121910167},
	url = {https://doi.org/10.3390/app121910167},
	language={spanish}
}
@article{besson-2022,
	author = {Besson, Marc and Alison, Jamie and Bjerge, Kim and Gorochowski, Thomas E. and Høye, Toke T. and Jucker, Tommaso and Mann, Hjalte M. R. and Clements, Christopher F.},
	journal = {Ecology Letters},
	number = {12},
	pages = {2753--2775},
	publisher = {Wiley-Blackwell},
	title = {{Towards the fully automated monitoring of ecological communities}},
	volume = {25},
	year = {2022},
	doi = {10.1111/ele.14123},
	url = {https://doi.org/10.1111/ele.14123},
	language={spanish}
}
@article{monis-2022,
	author = {Monis, Joel Bharat and Sarkar, Rishab and Nagavarun, Sn and Bhadra, Jayati},
	journal = {2022 International Conference on Advances in Computing, Communication and Applied Informatics (ACCAI)},
	title = {{Efficient NET: identification of crop insects using convolutional neural networks}},
	year = {2022},
	doi = {10.1109/accai53970.2022.9752514},
	url = {https://doi.org/10.1109/accai53970.2022.9752514},
	language={spanish}
}
@article{bjerge-2023,
	author = {Bjerge, Kim and Alison, Jamie and Dyrmann, Mads and Frigaard, Carsten Eie and Mann, Hjalte M. R. and Høye, Toke T.},
	journal = {PLOS sustainability and transformation},
	number = {3},
	pages = {e0000051},
	publisher = {Public Library of Science},
	title = {{Accurate detection and identification of insects from camera trap images with deep learning}},
	volume = {2},
	year = {2023},
	doi = {10.1371/journal.pstr.0000051},
	url = {https://doi.org/10.1371/journal.pstr.0000051},
	language={spanish}
}
@article{hye-2021,
	author = {Høye, Toke T. and Ärje, Johanna and Bjerge, Kim and Hansen, Ole Ingemann and Iosifidis, Alexandros and Leese, Florian and Mann, Hjalte M. R. and Meissner, Kristian and Melvad, Claus and Raitoharju, Jenni},
	journal = {Proceedings of the National Academy of Sciences of the United States of America},
	number = {2},
	publisher = {National Academy of Sciences},
	title = {{Deep learning and computer vision will transform entomology}},
	volume = {118},
	year = {2021},
	doi = {10.1073/pnas.2002545117},
	url = {https://doi.org/10.1073/pnas.2002545117},
	language={spanish}
}
@article{kirkeby-2021,
	author = {Kirkeby, Carsten and Rydhmer, Klas and Cook, S. M. and Strand, Alfred and Torrance, M. T. and Swain, J. L. and Prangsma, Jord C. and Johnen, Andreas and Jensen, Mikkel and Brydegaard, Mikkel and Græsbøll, Kaare},
	journal = {Scientific Reports},
	number = {1},
	publisher = {Nature Portfolio},
	title = {{Advances in automatic identification of flying insects using optical sensors and machine learning}},
	volume = {11},
	year = {2021},
	doi = {10.1038/s41598-021-81005-0},
	url = {https://doi.org/10.1038/s41598-021-81005-0},
	language={spanish}
}
@article{van-klink-2022,
	author = {Van Klink, Roel and August, Tom and Bas, Yves and Bodesheim, Paul and Bonn, Aletta and Fossøy, Frode and Høye, Toke T. and Jongejans, Eelke and Menz, Myles H. M. and Miraldo, Andreia and Roslin, Tomas and Roy, Helen E. and Ruczyński, Ireneusz and Schigel, Dmitry and Schäffler, Livia and Sheard, Julie Koch and Svenningsen, Cecilie S. and Tschan, Georg F. and Wäldchen, Jana and Zizka, Vera M. A. and Åström, Jens and Bowler, Diana E.},
	journal = {Trends in Ecology and Evolution},
	number = {10},
	pages = {872--885},
	publisher = {Elsevier BV},
	title = {{Emerging technologies revolutionise insect ecology and monitoring}},
	volume = {37},
	year = {2022},
	doi = {10.1016/j.tree.2022.06.001},
	url = {https://doi.org/10.1016/j.tree.2022.06.001},
	language={spanish}
}
@article{young-2021,
	author = {Young, Jean-Gabriel and Valdovinos, Fernanda S. and Newman, M. E. J.},
	journal = {Nature Communications},
	number = {1},
	publisher = {Nature Portfolio},
	title = {{Reconstruction of plant–pollinator networks from observational data}},
	volume = {12},
	year = {2021},
	doi = {10.1038/s41467-021-24149-x},
	url = {https://doi.org/10.1038/s41467-021-24149-x},
	language={spanish}
}
@article{badirli-2023,
	author = {Badirli, Sarkhan and Picard, Christine and Mohler, George and Richert, Frannie and Akata, Zeynep and Dündar, Murat},
	journal = {Methods in Ecology and Evolution},
	number = {6},
	pages = {1515--1530},
	publisher = {Wiley-Blackwell},
	title = {{Classifying the unknown: Insect identification with deep hierarchical Bayesian learning}},
	volume = {14},
	year = {2023},
	doi = {10.1111/2041-210x.14104},
	url = {https://doi.org/10.1111/2041-210x.14104},
	language={spanish}
}
@article{li-2021,
	author = {Li, Wenyong and Zheng, Tengfei and Yang, Zhankui and Li, Ming and Sun, Cheng and Yang, Xinting},
	journal = {Ecological Informatics},
	pages = {101460},
	publisher = {Elsevier BV},
	title = {{Classification and detection of insects from field images using deep learning for smart pest management: A systematic review}},
	volume = {66},
	year = {2021},
	doi = {10.1016/j.ecoinf.2021.101460},
	url = {https://doi.org/10.1016/j.ecoinf.2021.101460},
	language={spanish}
}
@article{rustia-2021,
	author = {Rustia, Dan Jeric Arcega and Lu, Chen-Yi and Chao, Jun–Jee and Wu, Ya‐Fang and Chung, Jui‐Yung and Hsu, Ju‐Chun and Lin, Ta‐Te},
	journal = {Biosystems Engineering},
	month = {8},
	pages = {28--44},
	title = {{Online semi-supervised learning applied to an automated insect pest monitoring system}},
	volume = {208},
	year = {2021},
	doi = {10.1016/j.biosystemseng.2021.05.006},
	url = {https://doi.org/10.1016/j.biosystemseng.2021.05.006},
}
@article{yang-2021,
	author = {Yang, Zhankui and Yang, Xinting and Li, Ming and Li, Wenyong},
	journal = {Computers and Electronics in Agriculture},
	month = {6},
	pages = {106122},
	title = {{Small-sample learning with salient-region detection and center neighbor loss for insect recognition in real-world complex scenarios}},
	volume = {185},
	year = {2021},
	doi = {10.1016/j.compag.2021.106122},
	url = {https://doi.org/10.1016/j.compag.2021.106122},
}
@article{malathi-2021,
	author = {Malathi, V. and Gopinath, M. P.},
	journal = {Acta Agriculturae Scandinavica Section B-soil and Plant Science},
	month = {2},
	number = {7},
	pages = {552--559},
	title = {{Classification of pest detection in paddy crop based on transfer learning approach}},
	volume = {71},
	year = {2021},
	doi = {10.1080/09064710.2021.1874045},
	url = {https://doi.org/10.1080/09064710.2021.1874045},
}
@article{khanramaki-2021,
	author = {Khanramaki, Morteza and Asli‐Ardeh, Ezzatollah Askari and Kozegar, Ehsan},
	journal = {Computers and Electronics in Agriculture},
	month = {7},
	pages = {106192},
	title = {{Citrus pests classification using an ensemble of deep learning models}},
	volume = {186},
	year = {2021},
	doi = {10.1016/j.compag.2021.106192},
	url = {https://doi.org/10.1016/j.compag.2021.106192},
}
@article{sagar-2020,
	author = {Sagar, V.K. and Sachin, R. Gengaje and Chandrashekara, K. and Ganeshaiah, K. N.},
	journal = {Current Science},
	month = {5},
	number = {9},
	pages = {1456},
	title = {{Identification of Indian Butterflies and Moths with Deep Convolutional Neural Networks x}},
	volume = {118},
	year = {2020},
	doi = {10.18520/cs/v118/i9/1456-1462},
	url = {https://doi.org/10.18520/cs/v118/i9/1456-1462},
}
@article{li-2020,
	author = {Li, Yanfen and Wang, Hanxiang and Dang, L. Minh and Sadeghi‐Niaraki, Abolghasem and Moon, Hyeonjoon},
	journal = {Computers and Electronics in Agriculture},
	month = {2},
	pages = {105174},
	title = {{Crop pest recognition in natural scenes using convolutional neural networks}},
	volume = {169},
	year = {2020},
	doi = {10.1016/j.compag.2019.105174},
	url = {https://doi.org/10.1016/j.compag.2019.105174},
}
@article{cheng-2017,
	author = {Cheng, Xi and Zhang, Youhua and Chen, Yiqiong and Wu, Yunzhi and Yue, Yi},
	journal = {Computers and Electronics in Agriculture},
	month = {9},
	pages = {351--356},
	title = {{Pest identification via deep residual learning in complex background}},
	volume = {141},
	year = {2017},
	doi = {10.1016/j.compag.2017.08.005},
	url = {https://doi.org/10.1016/j.compag.2017.08.005},
}
@article{liu-2016,
	author = {Liu, Ziyi and Gao, Junfeng and Yang, Guoguo and Zhang, Huan and He, Yong},
	journal = {Scientific Reports},
	month = {2},
	number = {1},
	title = {{Localization and Classification of Paddy Field Pests using a Saliency Map and Deep Convolutional Neural Network}},
	volume = {6},
	year = {2016},
	doi = {10.1038/srep20410},
	url = {https://doi.org/10.1038/srep20410},
}
@misc{iNaturalist,
	author = {{iNaturalist}},
	title = {{iNaturalist API}},
	note = {\url{https://api.inaturalist.org/v1/docs/}},
}
@misc{PlantNet,
	author = {{Pl@ntNet}},
	title = {{Pl@ntNet API for developers}},
	note = {\url{https://my.plantnet.org/}},
}
@misc{LabelImg,
	author = {Tzutalin, D.},
	year = {2015},
	title = {{LabelImg (GitHub)}},
	note = {\url{https://github.com/HumanSignal/labelImg}},
}
@article{qi-2023,
	author = {Qi, Fang and Wang, Yuxiang and Tang, Zhe and Chen, Shuhong},
	journal = {Journal of Real-time Image Processing},
	number = {2},
	publisher = {Springer Science+Business Media},
	title = {{Real-time and effective detection of agricultural pest using an improved YOLOv5 network}},
	volume = {20},
	year = {2023},
	doi = {10.1007/s11554-023-01264-0},
	url = {https://doi.org/10.1007/s11554-023-01264-0},
	language={spanish}
}
@article{klein-2006,
	author = {Klein, Alexandra‐Maria and Vaissière, Bernard and Cane, James H. and Steffan‐Dewenter, Ingolf and Cunningham, Saul A. and Kremen, Claire and Tscharntke, Teja},
	journal = {Proceedings of The Royal Society B: Biological Sciences},
	number = {1608},
	pages = {303--313},
	publisher = {Royal Society},
	title = {{Importance of pollinators in changing landscapes for world crops}},
	volume = {274},
	year = {2006},
	doi = {10.1098/rspb.2006.3721},
	url = {https://doi.org/10.1098/rspb.2006.3721},
	language={spanish}
}
@misc{innovatione-agrofood-design-2021,
	author = {Innovatione AgroFood Design},
	title = {{Polinización: tipos y polinizadores en el campo- Innovatione}},
	year = {2021},
	language={spanish}
}
@article{hubel-1962,
	author = {Hubel, David H. and Wiesel, Torsten N.},
	journal = {The Journal of Physiology},
	number = {1},
	pages = {106--154},
	publisher = {Wiley-Blackwell},
	title = {{Receptive fields, binocular interaction and functional architecture in the cat's visual cortex}},
	volume = {160},
	year = {1962},
	doi = {10.1113/jphysiol.1962.sp006837},
	url = {https://doi.org/10.1113/jphysiol.1962.sp006837},
	language={spanish}
}
@article{fukushima-1982,
	author = {Fukushima, Kunihiko and Miyake, Sei},
	journal = {Pattern Recognition},
	number = {6},
	pages = {455--469},
	publisher = {Elsevier BV},
	title = {{Neocognitron: A new algorithm for pattern recognition tolerant of deformations and shifts in position}},
	volume = {15},
	year = {1982},
	doi = {10.1016/0031-3203(82)90024-3},
	url = {https://doi.org/10.1016/0031-3203(82)90024-3},
	language={spanish}
}
@article{lecun-1989,
	author = {LeCun, Yann and Boser, Bernhard E. and Denker, John S. and Henderson, D. and Howard, Richard and Hubbard, W. and Jackel, L. D.},
	journal = {Neural Computation},
	number = {4},
	pages = {541--551},
	publisher = {The MIT Press},
	title = {{Backpropagation applied to handwritten Zip code recognition}},
	volume = {1},
	year = {1989},
	doi = {10.1162/neco.1989.1.4.541},
	url = {https://doi.org/10.1162/neco.1989.1.4.541},
	language={spanish}
}
@INPROCEEDINGS{ImageNet,
  author={Deng, Jia and Dong, Wei and Socher, Richard and Li, Li-Jia and Kai Li and Li Fei-Fei},
  booktitle={2009 IEEE Conference on Computer Vision and Pattern Recognition}, 
  title={ImageNet: A large-scale hierarchical image database}, 
  year={2009},
  volume={},
  number={},
  pages={248-255},
  doi={10.1109/CVPR.2009.5206848}
}
@article{redmon-2015,
	author = {Redmon, Joseph and Santosh, D. Hari Hara and Ross, Girshick and Farhadi, Ali},
	journal = {arXiv (Cornell University)},
	publisher = {Cornell University},
	title = {{You only look once: Unified, Real-Time Object Detection}},
	year = {2015},
	doi = {10.48550/arxiv.1506.02640},
	url = {http://arxiv.org/abs/1506.02640},
}
@article{nepal-2022,
	author = {Nepal, Upesh and Eslamiat, Hossein},
	journal = {Sensors},
	number = {2},
	pages = {464},
	publisher = {Multidisciplinary Digital Publishing Institute},
	title = {{Comparing YOLOV3, YOLOV4 and YOLOV5 for autonomous landing spot detection in faulty UAVs}},
	volume = {22},
	year = {2022},
	doi = {10.3390/s22020464},
	url = {https://doi.org/10.3390/s22020464},
}
@article{tan-2019,
	author = {Tan, Mingxing and Le, Quoc V.},
	journal = {arXiv (Cornell University)},
	publisher = {Cornell University},
	title = {{EfficientNet: Rethinking model scaling for convolutional neural networks}},
	year = {2019},
	url = {https://arxiv.org/pdf/1905.11946v5},
}
@article{he-2020,
	author = {He, Yue and Zhou, Zhiyan and Tian, Luhong and Liu, Youfu and Luo, Xiwen},
	journal = {Precision Agriculture},
	number = {6},
	pages = {1385--1402},
	publisher = {Springer Science+Business Media},
	title = {{Brown rice planthopper (Nilaparvata lugens Stal) detection based on deep learning}},
	volume = {21},
	year = {2020},
	doi = {10.1007/s11119-020-09726-2},
	url = {https://doi.org/10.1007/s11119-020-09726-2},
}

@article{jordano-2002,
	author = {Jordano, Pedro and Bascompte, Jordi and Olesen, Jens M.},
	journal = {Ecology Letters},
	number = {1},
	pages = {69--81},
	publisher = {Wiley-Blackwell},
	title = {{Invariant properties in coevolutionary networks of plant-animal interactions}},
	volume = {6},
	year = {2002},
	doi = {10.1046/j.1461-0248.2003.00403.x},
	url = {https://doi.org/10.1046/j.1461-0248.2003.00403.x},
}
@article{sandler2019,
    title={MobileNetV2: Inverted Residuals and Linear Bottlenecks}, 
    author={Mark Sandler and Andrew Howard and Menglong Zhu and Andrey Zhmoginov and Liang-Chieh Chen},
    year={2019},
    journal={arXiv (Cornell University)},
}
@article{ahmed2021,
    title={Classification and understanding of cloud structures via satellite images with EfficientUNet}, 
    author={Tashin Ahmed and Noor Hossain Nuri Sabab},
    year={2021},
    journal={arXiv (Cornell University)},
}
@article{XIE2015123,
	title = {Automatic classification for field crop insects via multiple-task sparse representation and multiple-kernel learning},
	journal = {Computers and Electronics in Agriculture},
	volume = {119},
	pages = {123-132},
	year = {2015},
	issn = {0168-1699},
	author = {Chengjun Xie and Jie Zhang and Rui Li and Jinyan Li and Peilin Hong and Junfeng Xia and Peng Chen},
}
@misc{unam-2019,
	author = {{Fundación Unam}},
	month = {6},
	title = {{Alertan crisis por disminución de polinizadores a nivel mundial}},
	year = {2019},
	note = {\url{https://www.fundacionunam.org.mx/ecopuma/alertan-crisis-por-disminucion-de-polinizadores-a-nivel-mundial/}},
}
@misc{bing_maps, 
    author = {Bing Maps}, 
    title = {{Cabrera, Islas Baleares, España}}, 
    year = {2024}, 
    howpublished = {Map}, 
    note = {\url{https://www.bing.com/maps?osid=a92987d3-57e1-4b18-9d35-3a1b7f6ddc96&cp=38.975843~3.035423&lvl=11&imgid=e8d6c895-2362-4fdd-9dba-b2dc5ac7cf8e&v=2&sV=2&form=S00027}}
}
@article{GU2018354,
title = {Recent advances in convolutional neural networks},
journal = {Pattern Recognition},
volume = {77},
pages = {354-377},
year = {2018},
issn = {0031-3203},
doi = {https://doi.org/10.1016/j.patcog.2017.10.013},
author = {Jiuxiang Gu and Zhenhua Wang and Jason Kuen and Lianyang Ma and Amir Shahroudy and Bing Shuai and Ting Liu and Xingxing Wang and Gang Wang and Jianfei Cai and Tsuhan Chen},
}
@article{alzubaidi-2021,
	author = {Alzubaidi, Laith and Zhang, Jinglan and Humaidi, Amjad J. and Al-Dujaili, Ayad Q. and Duan, Ye and Al-Shamma, Omran and Santamaría, José and Fadhel, Mohammed A. and Al-Amidie, Muthana and Farhan, Laith},
	journal = {Journal of Big Data},
	month = {3},
	number = {1},
	title = {{Review of deep learning: concepts, CNN architectures, challenges, applications, future directions}},
	volume = {8},
	year = {2021},
	doi = {10.1186/s40537-021-00444-8},
	url = {https://doi.org/10.1186/s40537-021-00444-8},
}
@article{russakovsky-2015,
	author = {Russakovsky, Olga and Deng, Jia and Su, Hao and Krause, Jonathan and Satheesh, Sanjeev and Ma, Siying and Huang, Zhiheng and Karpathy, Andrej and Khosla, Aditya and Bernstein, Michael S. and Berg, Alexander C. and Li, Feifei},
	journal = {International Journal of Computer Vision},
	month = {4},
	number = {3},
	pages = {211--252},
	title = {{ImageNet Large Scale Visual Recognition Challenge}},
	volume = {115},
	year = {2015},
	doi = {10.1007/s11263-015-0816-y},
	url = {https://doi.org/10.1007/s11263-015-0816-y},
}
@article{simonyan2014very,
  title={Very deep convolutional networks for large-scale image recognition},
  author={Simonyan, Karen and Zisserman, Andrew},
  journal={arXiv preprint arXiv:1409.1556},
  year={2014}
}
@INPROCEEDINGS{7298594,
  author={Szegedy, Christian and Wei Liu and Yangqing Jia and Sermanet, Pierre and Reed, Scott and Anguelov, Dragomir and Erhan, Dumitru and Vanhoucke, Vincent and Rabinovich, Andrew},
  booktitle={2015 IEEE Conference on Computer Vision and Pattern Recognition (CVPR)}, 
  title={Going deeper with convolutions}, 
  year={2015},
  volume={},
  number={},
  pages={1-9},
  doi={10.1109/CVPR.2015.7298594}}
@inproceedings{he2016deep,
  title={Deep residual learning for image recognition},
  author={He, Kaiming and Zhang, Xiangyu and Ren, Shaoqing and Sun, Jian},
  booktitle={Proceedings of the IEEE conference on computer vision and pattern recognition},
  pages={770--778},
  year={2016}
}
@misc{serra-2022,
	author = { Serra, Pau},
	publisher = {Universidad de La Laguna},
	title = {{Automated pollination monitoring: a method that provides  complementary information in community-level studies}},
	year = {2022},
}